% Encoding: UTF-8
@book{conti2013mobile,
  title={Mobile Ad Hoc Networking: The Cutting Edge Directions},
  author={Conti, Marco and Stojmenovic, Ivan and Basagni, Stefano and Giordano, Silvia},
  year={2013},
  publisher={John Wiley \& Sons Incorporated}
}

@Manual{adacStaus,
  title  = {ADAC Verkehrsdaten},
  year   = {2020},
  url    = {https://www.adac.de/verkehr/verkehrsinformationen/staubilanz/},
}

@Manual{adacVerkehrstote,
  title  = {2020: Deutlich weniger Verkehrstote als im Vorjahr},
  year   = {2020},
  url    = {https://www.adac.de/news/bilanz-verkehrstote/},
}

@Article{Binz2009,
  author      = {Tobias Binz and Gerd Breiter and Frank Leymann and Thomas Spatzier},
  title       = {{Portable Cloud Services Using TOSCA}},
  journal     = {IEEE Internet Computing},
  year        = {2012},
  pages       = {80--85},
  volume      = {16},
  number      = {03},
  issn        = {1089-7801},
  doi         = {10.1109/mic.2012.43},
  month       = may,
  publisher   = {IEEE Computer Society},
}

@Manual{mwe,
  author = {Martin Scharrer},
  title  = {The \texttt{mwe} Package},
  year   = {2017},
  url    = {http://texdoc.net/mwe},
}

@Comment{jabref-meta: databaseType:bibtex;}
